\begin{thebibliography}


@book{Sipser,
    author = "Michael Sipser",
    title = "Introduction to the Theory of Computation",
    year = "2006",
    publisher = "Course Technology, Cengage Learning",
    address = "Boston, Massachusetts"
}

@book{Wilf,
    author = "Herbert S. Wilf",
    title = "generatingfunctionology",
    year = "1990",
    publisher = "Academic Press, Inc.",
    address = "San Diego, California"
}

@article{Flajolet,
  title={Singularity Analysis of Generating Functions},
  author={Philippe Flajolet and Andrew M. Odlyzko},
  journal={SIAM J. Discrete Math.},
  year={1990},
  volume={3},
  pages={216-240}
}
\end{thebibliography}